@ARTICLE{WD1994,
   author = {{Wanke}, H. and {Dreibus}, G.},
    title = "{Chemistry and Accretion History of Mars}",
  journal = {Philosophical Transactions of the Royal Society of London Series A},
     year = 1994,
    month = nov,
   volume = 349,
    pages = {285-293},
      doi = {10.1098/rsta.1994.0132},
   adsurl = {http://adsabs.harvard.edu/abs/1994RSPTA.349..285W},
  adsnote = {Provided by the SAO/NASA Astrophysics Data System}
}



@ARTICLE{TWW2013,
   author = {{Tuff}, J. and {Wade}, J. and {Wood}, B.~J.},
    title = "{Volcanism on Mars controlled by early oxidation of the upper mantle}",
  journal = {Nature},
     year = 2013,
    month = jun,
   volume = 498,
    pages = {342-345},
      doi = {10.1038/nature12225},
   adsurl = {http://adsabs.harvard.edu/abs/2013Natur.498..342T},
  adsnote = {Provided by the SAO/NASA Astrophysics Data System}
}

@ARTICLE{GG1997,
   author = {{Gaetani}, G.~A. and {Grove}, T.~L.},
    title = "{Partitioning of moderately siderophile elements among olivine, silicate melt, and sulfide melt: Constraints on core formation in the Earth and Mars}",
  journal = {Geochimica et Cosmochimica Acta},
     year = 1997,
    month = may,
   volume = 61,
    pages = {1829-1846},
      doi = {10.1016/S0016-7037(97)00033-1},
   adsurl = {http://adsabs.harvard.edu/abs/1997GeCoA..61.1829G},
  adsnote = {Provided by the SAO/NASA Astrophysics Data System}
}

@ARTICLE{Shaharetal2015,
   author = {{Shahar}, A. and {Hillgren}, V.~J. and {Horan}, M.~F. and {Mesa-Garcia}, J. and 
	{Kaufman}, L.~A. and {Mock}, T.~D.},
    title = "{Sulfur-controlled iron isotope fractionation experiments of core formation in planetary bodies}",
  journal = {Geochimica et Cosmochimica Acta},
     year = 2015,
    month = feb,
   volume = 150,
    pages = {253-264},
      doi = {10.1016/j.gca.2014.08.011},
   adsurl = {http://adsabs.harvard.edu/abs/2015GeCoA.150..253S},
  adsnote = {Provided by the SAO/NASA Astrophysics Data System}
}

@ARTICLE{KC2008,
   author = {{Khan}, A. and {Connolly}, J.~A.~D.},
    title = "{Constraining the composition and thermal state of Mars from inversion of geophysical data}",
  journal = {Journal of Geophysical Research (Planets)},
 keywords = {Planetary Sciences: Solar System Objects: Mars, Planetary Sciences: Solid Surface Planets: Interiors (8147), Planetary Sciences: Solid Surface Planets: Composition (1060, 3672), Mathematical Geophysics: Inverse theory, Mineral Physics: Elasticity and anelasticity},
     year = 2008,
    month = jul,
   volume = 113,
      eid = {E07003},
    pages = {E07003},
      doi = {10.1029/2007JE002996},
   adsurl = {http://adsabs.harvard.edu/abs/2008JGRE..113.7003K},
  adsnote = {Provided by the SAO/NASA Astrophysics Data System}
}

@article{TFR2011,
title = "{The effects of nickel and sulphur on the core–mantle partitioning of oxygen in Earth and Mars}",
journal = "Physics of the Earth and Planetary Interiors ",
volume = "185",
number = "1–2",
pages = "1 - 12",
year = "2011",
note = "",
issn = "0031-9201",
doi = "http://dx.doi.org/10.1016/j.pepi.2010.11.009",
url = "http://www.sciencedirect.com/science/article/pii/S0031920110002499",
author = "Kyusei Tsuno and Daniel J. Frost and David C. Rubie"
}

@article{RNM2007,
  title="{Formation of Earth's core}",
  author={Rubie, DC and Nimmo, F and Melosh, HJ},
  journal={Treatise on geophysics},
  volume={9},
  pages={51--90},
  year={2007},
  publisher={Elsevier Amsterdam}
}

@ARTICLE{MDK2013,
   author = {{Mezger}, K. and {Debaille}, V. and {Kleine}, T.},
    title = "{Core Formation and Mantle Differentiation on Mars}",
  journal = {Space Science Reviews},
 keywords = {Core formation, Magma ocean, Chemical differentiation, Mantle evolution, Short-lived nuclides},
     year = 2013,
    month = jan,
   volume = 174,
    pages = {27-48},
      doi = {10.1007/s11214-012-9935-8},
   adsurl = {http://adsabs.harvard.edu/abs/2013SSRv..174...27M},
  adsnote = {Provided by the SAO/NASA Astrophysics Data System}
}

@ARTICLE{BD2003,
   author = {{Borg}, L.~E. and {Draper}, D.~S.},
    title = "{A petrogenic model for the origin and compositional variation of the martian basaltic meteorites}",
  journal = {Meteoritics and Planetary Science},
     year = 2003,
    month = dec,
   volume = 38,
    pages = {1713-1731},
      doi = {10.1111/j.1945-5100.2003.tb00011.x},
   adsurl = {http://adsabs.harvard.edu/abs/2003M%26PS...38.1713B},
  adsnote = {Provided by the SAO/NASA Astrophysics Data System}
}

@ARTICLE{Brandonetal2012,
   author = {{Brandon}, A.~D. and {Puchtel}, I.~S. and {Walker}, R.~J. and 
	{Day}, J.~M.~D. and {Irving}, A.~J. and {Taylor}, L.~A.},
    title = "{Evolution of the martian mantle inferred from the $^{187}$Re- $^{187}$Os isotope and highly siderophile element abundance systematics of shergottite meteorites}",
  journal = {Geochimica et Cosmochimica Acta},
     year = 2012,
    month = jan,
   volume = 76,
    pages = {206-235},
      doi = {10.1016/j.gca.2011.09.047},
   adsurl = {http://adsabs.harvard.edu/abs/2012GeCoA..76..206B},
  adsnote = {Provided by the SAO/NASA Astrophysics Data System}
}

@ARTICLE{Foleyetal2005,
   author = {{Foley}, C.~N. and {Wadhwa}, M. and {Borg}, L.~E. and {Janney}, P.~E. and 
	{Hines}, R. and {Grove}, T.~L.},
    title = "{The early differentiation history of Mars from $^{182}$W- $^{142}$Nd isotope systematics in the SNC meteorites}",
  journal = {Geochimica et Cosmochimica Acta},
     year = 2005,
    month = sep,
   volume = 69,
    pages = {4557-4571},
      doi = {10.1016/j.gca.2005.05.009},
   adsurl = {http://adsabs.harvard.edu/abs/2005GeCoA..69.4557F},
  adsnote = {Provided by the SAO/NASA Astrophysics Data System}
}

@ARTICLE{LH1997,
   author = {{Lee}, D.-C. and {Halliday}, A.~N.},
    title = "{Core formation on Mars and differentiated asteroids}",
  journal = {Nature},
     year = 1997,
    month = aug,
   volume = 388,
    pages = {854-857},
   adsurl = {http://adsabs.harvard.edu/abs/1997Natur.388..854L},
  adsnote = {Provided by the SAO/NASA Astrophysics Data System}
}

@ARTICLE{Teanby2015,
   author = {{Teanby}, N.~A.},
    title = "{Predicted detection rates of regional-scale meteorite impacts on Mars with the InSight short-period seismometer}",
  journal = {Icarus},
 keywords = {Mars, Geophysics, Cratering, Interiors, Impact Processes},
     year = 2015,
    month = aug,
   volume = 256,
    pages = {49-62},
      doi = {10.1016/j.icarus.2015.04.012},
   adsurl = {http://adsabs.harvard.edu/abs/2015Icar..256...49T},
  adsnote = {Provided by the SAO/NASA Astrophysics Data System}
}

@ARTICLE{Panningetal2015,
   author = {{Panning}, M.~P. and {Beucler}, {\'E}. and {Drilleau}, M. and 
	{Mocquet}, A. and {Lognonn{\'e}}, P. and {Banerdt}, W.~B.},
    title = "{Verifying single-station seismic approaches using Earth-based data: Preparation for data return from the InSight mission to Mars}",
  journal = {Icarus},
 keywords = {Mars, Interior, Geophysics, Earth},
     year = 2015,
    month = mar,
   volume = 248,
    pages = {230-242},
      doi = {10.1016/j.icarus.2014.10.035},
   adsurl = {http://adsabs.harvard.edu/abs/2015Icar..248..230P},
  adsnote = {Provided by the SAO/NASA Astrophysics Data System}
}

@INPROCEEDINGS{Spohnetal2012,
   author = {{Spohn}, T. and {Grott}, M. and {Knollenberg}, J. and {van Zoest}, T. and 
	{Kargl}, G. and {Smrekar}, S.~E. and {Banerdt}, W.~B. and {Hudson}, T.~L. and 
	{Hp\^{}3 Instrument Team}},
    title = "{INSIGHT: Measuring the Martian Heat Flow Using the Heat Flow and Physical Properties Package (HP\^{}3)}",
booktitle = {Lunar and Planetary Science Conference},
     year = 2012,
   series = {Lunar and Planetary Science Conference},
   volume = 43,
    month = mar,
      eid = {1445},
    pages = {1445},
   adsurl = {http://adsabs.harvard.edu/abs/2012LPI....43.1445S},
  adsnote = {Provided by the SAO/NASA Astrophysics Data System}
}

@inproceedings{Folkneretal2012,
  title="{The Rotation and Interior Structure Experiment (RISE) for the InSight Mission to Mars}",
  author={Folkner, WM and Asmar, SW and Dehant, V and Warwick, RW},
  booktitle={Lunar and Planetary Science Conference},
  volume={43},
  pages={1721},
  year={2012}
}

@inproceedings{Lognonneetal2014,
  title="{SEIS/INSIGHT and Mars seismology: Development status and focus on the Impact detection}",
  author={Lognonne, Philippe and Banerdt, William and Pike, Tom and Giardini, Domenico and Christensen, Ulli and Banfield, Don and Mimoun, David and Laudet, Philippe and de Raucourt, Sebastien and Bierwirth, Marco and others},
  booktitle={EGU General Assembly Conference Abstracts},
  volume={16},
  pages={12183},
  year={2014}
}


@INPROCEEDINGS{Banerdtetal2012,
   author = {{Banerdt}, W.~B. and {Smrekar}, S. and {Alkalai}, L. and {Hoffman}, T. and 
	{Warwick}, R. and {Hurst}, K. and {Folkner}, W. and {Lognonn{\'e}}, P. and 
	{Spohn}, T. and {Asmar}, S. and {Banfield}, D. and {Boschi}, L. and 
	{Christensen}, U. and {Dehant}, V. and {Giardini}, D. and {Goetz}, W. and 
	{Golombek}, M. and {Grott}, M. and {Hudson}, T. and {Johnson}, C. and 
	{Kargl}, G. and {Kobayashi}, N. and {Maki}, J. and {Mimoun}, D. and 
	{Mocquet}, A. and {Morgan}, P. and {Panning}, M. and {Pike}, W.~T. and 
	{Tromp}, J. and {van Zoest}, T. and {Weber}, R. and {Wieczorek}, M. and 
	{Insight Team}},
    title = "{InSight: An Integrated Exploration of the Interior of Mars}",
booktitle = {Lunar and Planetary Science Conference},
     year = 2012,
   series = {Lunar and Planetary Science Conference},
   volume = 43,
    month = mar,
      eid = {2838},
    pages = {2838},
   adsurl = {http://adsabs.harvard.edu/abs/2012LPI....43.2838B},
  adsnote = {Provided by the SAO/NASA Astrophysics Data System}
}


@ARTICLE{Rohrbachetal2007,
   author = {{Rohrbach}, A. and {Ballhaus}, C. and {Golla-Schindler}, U. and 
	{Ulmer}, P. and {Kamenetsky}, V.~S. and {Kuzmin}, D.~V.},
    title = "{Metal saturation in the upper mantle}",
  journal = {Nature},
     year = 2007,
    month = sep,
   volume = 449,
    pages = {456-458},
      doi = {10.1038/nature06183},
   adsurl = {http://adsabs.harvard.edu/abs/2007Natur.449..456R},
  adsnote = {Provided by the SAO/NASA Astrophysics Data System}
}

@ARTICLE{Frostetal2004,
   author = {{Frost}, D.~J. and {Liebske}, C. and {Langenhorst}, F. and {McCammon}, C.~A. and 
	{Tr{\o}nnes}, R.~G. and {Rubie}, D.~C.},
    title = "{Experimental evidence for the existence of iron-rich metal in the Earth's lower mantle}",
  journal = {Nature},
     year = 2004,
    month = mar,
   volume = 428,
    pages = {409-412},
      doi = {10.1038/nature02413},
   adsurl = {http://adsabs.harvard.edu/abs/2004Natur.428..409F},
  adsnote = {Provided by the SAO/NASA Astrophysics Data System}
}

@article{Rohrbachetal2011,
author = {Rohrbach, Arno and Ballhaus, Chris and Ulmer, Peter and Golla-Schindler, Ute and Schönbohm, Dirk}, 
title = {Experimental Evidence for a Reduced Metal-saturated Upper Mantle},
volume = {52}, 
number = {4}, 
pages = {717-731}, 
year = {2011}, 
doi = {10.1093/petrology/egq101}, 
URL = {http://petrology.oxfordjournals.org/content/52/4/717.abstract},  
journal = {Journal of Petrology}
}

@ARTICLE{RS2011,
   author = {{Rohrbach}, A. and {Schmidt}, M.~W.},
    title = "{Redox freezing and melting in the Earth's deep mantle resulting from carbon-iron redox coupling}",
  journal = {Nature},
     year = 2011,
    month = apr,
   volume = 472,
    pages = {209-212},
      doi = {10.1038/nature09899},
   adsurl = {http://adsabs.harvard.edu/abs/2011Natur.472..209R},
  adsnote = {Provided by the SAO/NASA Astrophysics Data System}
}

@ARTICLE{RGF2004,
   author = {{Rubie}, D.~C. and {Gessmann}, C.~K. and {Frost}, D.~J.},
    title = "{Partitioning of oxygen during core formation on the Earth and Mars}",
  journal = {Nature},
     year = 2004,
    month = may,
   volume = 429,
    pages = {58-61},
      doi = {10.1038/nature02473},
   adsurl = {http://adsabs.harvard.edu/abs/2004Natur.429...58R},
  adsnote = {Provided by the SAO/NASA Astrophysics Data System}
}


@ARTICLE{RYCD2008,
   author = {{Righter}, K. and {Yang}, H. and {Costin}, G. and {Downs}, R.~T.
	},
    title = "{Oxygen fugacity in the Martian mantle controlled by carbon: New constraints from the nakhlite MIL 03346.}",
  journal = {Meteoritics and Planetary Science},
 keywords = {mantle, oxygen fugacity, Mars Thermal evolution, Carbon},
     year = 2008,
    month = oct,
   volume = 43,
    pages = {1709-1723},
      doi = {10.1111/j.1945-5100.2008.tb00638.x},
   adsurl = {http://adsabs.harvard.edu/abs/2008M%26PS...43.1709R},
  adsnote = {Provided by the SAO/NASA Astrophysics Data System}
}

@ARTICLE{RC2011,
   author = {{Righter}, K. and {Chabot}, N.~L.},
    title = "{Moderately and slightly siderophile element constraints on the depth and extent of melting in early Mars}",
  journal = {Meteoritics and Planetary Science},
     year = 2011,
    month = feb,
   volume = 46,
    pages = {157-176},
      doi = {10.1111/j.1945-5100.2010.01140.x},
   adsurl = {http://adsabs.harvard.edu/abs/2011M%26PS...46..157R},
  adsnote = {Provided by the SAO/NASA Astrophysics Data System}
}

@ARTICLE{BW2011,
   author = {{Buono}, A.~S. and {Walker}, D.},
    title = "{The Fe-rich liquidus in the Fe-FeS system from 1 bar to 10 GPa}",
  journal = {Geochimica et Cosmochimica Acta},
     year = 2011,
    month = apr,
   volume = 75,
    pages = {2072-2087},
      doi = {10.1016/j.gca.2011.01.030},
   adsurl = {http://adsabs.harvard.edu/abs/2011GeCoA..75.2072B},
  adsnote = {Provided by the SAO/NASA Astrophysics Data System}
}

@ARTICLE{Rubieetal2015,
   author = {{Rubie}, D.~C. and {Jacobson}, S.~A. and {Morbidelli}, A. and 
	{O'Brien}, D.~P. and {Young}, E.~D. and {de Vries}, J. and {Nimmo}, F. and 
	{Palme}, H. and {Frost}, D.~J.},
    title = "{Accretion and differentiation of the terrestrial planets with implications for the compositions of early-formed Solar System bodies and accretion of water}",
  journal = {Icarus},
archivePrefix = "arXiv",
 primaryClass = "astro-ph.EP",
 keywords = {Planetary formation, Earth, Mars, interior, Planetesimals, Cosmochemistry},
     year = 2015,
    month = mar,
   volume = 248,
    pages = {89-108},
      doi = {10.1016/j.icarus.2014.10.015},
   adsurl = {http://adsabs.harvard.edu/abs/2015Icar..248...89R},
  adsnote = {Provided by the SAO/NASA Astrophysics Data System}
}

@ARTICLE{CHRU2014,
   author = {{Cottaar}, S. and {Heister}, T. and {Rose}, I. and {Unterborn}, C.
	},
    title = "{BurnMan: A lower mantle mineral physics toolkit}",
  journal = {Geochemistry, Geophysics, Geosystems},
 keywords = {open-source, elasticity},
     year = 2014,
    month = apr,
   volume = 15,
    pages = {1164-1179},
      doi = {10.1002/2013GC005122},
   adsurl = {http://adsabs.harvard.edu/abs/2014GGG....15.1164C},
  adsnote = {Provided by the SAO/NASA Astrophysics Data System}
}

@ARTICLE{Kom2014,
   author = {{Komabayashi}, T.},
    title = "{Thermodynamics of melting relations in the system Fe-FeO at high pressure: Implications for oxygen in the Earth's core}",
  journal = {Journal of Geophysical Research (Solid Earth)},
 keywords = {thermodynamics, core, iron, oxygen, high-pressure},
     year = 2014,
    month = may,
   volume = 119,
    pages = {4164-4177},
      doi = {10.1002/2014JB010980},
   adsurl = {http://adsabs.harvard.edu/abs/2014JGRB..119.4164K},
  adsnote = {Provided by the SAO/NASA Astrophysics Data System}
}


@article{WMSF2015,
author = {Williams, Quentin and Manghnani, Murli H. and Secco, Richard A. and Fu, Shunsheng},
title = "{Limitations on silicon in the outer core: Ultrasonic measurements at high temperatures and high dK/dP values of Fe-Ni-Si liquids at high pressures}",
journal = {Journal of Geophysical Research: Solid Earth},
volume = {120},
number = {10},
issn = {2169-9356},
url = {http://dx.doi.org/10.1002/2015JB012270},
doi = {10.1002/2015JB012270},
pages = {6846--6855},
keywords = {Equations of state, High-pressure behavior, Physical thermodynamics, Elasticity and anelasticity, Core, iron alloys, ultrasonics, liquid properties, core properties},
year = {2015},
note = {2015JB012270},
}

@ARTICLE{SOMF2013,
   author = {{Stagno}, V. and {Ojwang}, D.~O. and {McCammon}, C.~A. and {Frost}, D.~J.},
    title = "{The oxidation state of the mantle and the extraction of carbon from Earth's interior}",
  journal = {Nature},
     year = 2013,
    month = jan,
   volume = 493,
    pages = {84-88},
      doi = {10.1038/nature11679},
   adsurl = {http://adsabs.harvard.edu/abs/2013Natur.493...84S},
  adsnote = {Provided by the SAO/NASA Astrophysics Data System}
}

@ARTICLE{EPH2003,
   author = {{Elkins-Tanton}, L.~T. and {Parmentier}, E.~M. and {Hess}, P.~C.},
    title = "{Magma ocean fractional crystallization and cumulate overturn in terrestrial planets: Implications for Mars}",
  journal = {Meteoritics and Planetary Science},
     year = 2003,
    month = dec,
   volume = 38,
    pages = {1753-1771},
      doi = {10.1111/j.1945-5100.2003.tb00013.x},
   adsurl = {http://adsabs.harvard.edu/abs/2003M%26PS...38.1753E},
  adsnote = {Provided by the SAO/NASA Astrophysics Data System}
}


@ARTICLE{Carmichael1991,
   author = {{Carmichael}, I.~S.~E.},
    title = "{The redox states of basic and silicic magmas: a reflection of their source regions?}",
  journal = {Contributions to Mineralogy and Petrology},
     year = 1991,
    month = jan,
   volume = 106,
    pages = {129-141},
      doi = {10.1007/BF00306429},
   adsurl = {http://adsabs.harvard.edu/abs/1991CoMP..106..129C},
  adsnote = {Provided by the SAO/NASA Astrophysics Data System}
}

@ARTICLE{DLO2014,
   author = {{Deguen}, R. and {Landeau}, M. and {Olson}, P.},
    title = "{Turbulent metal-silicate mixing, fragmentation, and equilibration in magma oceans}",
  journal = {Earth and Planetary Science Letters},
archivePrefix = "arXiv",
   eprint = {1402.1666},
 primaryClass = "physics.geo-ph",
     year = 2014,
    month = apr,
   volume = 391,
    pages = {274-287},
      doi = {10.1016/j.epsl.2014.02.007},
   adsurl = {http://adsabs.harvard.edu/abs/2014E%26PSL.391..274D},
  adsnote = {Provided by the SAO/NASA Astrophysics Data System}
}

@article{BBABT2016,
	author = {Boujibar, Asmaa and Bolfan-Casanova, Nathalie and Andrault, Denis and Bouhifd, M. Ali and Trcera, Nicolas},
	title = "{Incorporation of Fe$^{2+}$ and Fe$^{3+}$ in bridgmanite during magma ocean crystallization}",
	volume = {101},
	number = {7},
	pages = {1560--1570},
	year = {2016},
	doi = {10.2138/am-2016-5561},
	publisher = {Mineralogical Society of America},
	journal = {American Mineralogist}
}

@ARTICLE{TFRL2005,
   author = {{Terasaki}, H. and {Frost}, D.~J. and {Rubie}, D.~C. and {Langenhorst}, F.},
    title = "{The effect of oxygen and sulphur on the dihedral angle between Fe-O-S melt and silicate minerals at high pressure: Implications for Martian core formation}",
  journal = {Earth and Planetary Science Letters},
 keywords = {dihedral angle, surface energy, percolation, high pressure, core formation},
     year = 2005,
    month = apr,
   volume = 232,
    pages = {379-392},
      doi = {10.1016/j.epsl.2005.01.030},
  adsnote = {Provided by the SAO/NASA Astrophysics Data System}
}

@ARTICLE{YKYSF2003,
   author = {{Yoder}, C.~F. and {Konopliv}, A.~S. and {Yuan}, D.~N. and {Standish}, E.~M. and 
	{Folkner}, W.~M.},
    title = "{Fluid Core Size of Mars from Detection of the Solar Tide}",
  journal = {Science},
     year = 2003,
    month = apr,
   volume = 300,
    pages = {299-303},
      doi = {10.1126/science.1079645},
   adsurl = {http://adsabs.harvard.edu/abs/2003Sci...300..299Y},
  adsnote = {Provided by the SAO/NASA Astrophysics Data System}
}

@ARTICLE{BBPSR2015,
   author = {{Badro}, J. and {Brodholt}, J.~P. and {Piet}, H. and {Siebert}, J. and 
	{Ryerson}, F.~J.},
    title = "{Core formation and core composition from coupled geochemical and geophysical constraints}",
  journal = {Proceedings of the National Academy of Science},
     year = 2015,
    month = oct,
   volume = 112,
    pages = {12310-12314},
      doi = {10.1073/pnas.1505672112},
   adsurl = {http://adsabs.harvard.edu/abs/2015PNAS..11212310B},
  adsnote = {Provided by the SAO/NASA Astrophysics Data System}
}

@ARTICLE{WC2013,
   author = {{Walter}, M.~J. and {Cottrell}, E.},
    title = "{Assessing uncertainty in geochemical models for core formation in Earth}",
  journal = {Earth and Planetary Science Letters},
     year = 2013,
    month = mar,
   volume = 365,
    pages = {165-176},
      doi = {10.1016/j.epsl.2013.01.014},
   adsurl = {http://adsabs.harvard.edu/abs/2013E%26PSL.365..165W},
  adsnote = {Provided by the SAO/NASA Astrophysics Data System}
}

@ARTICLE{RVVMD2011,
   author = {{Rivoldini}, A. and {Van Hoolst}, T. and {Verhoeven}, O. and 
	{Mocquet}, A. and {Dehant}, V.},
    title = "{Geodesy constraints on the interior structure and composition of Mars}",
  journal = {Icarus},
     year = 2011,
    month = jun,
   volume = 213,
    pages = {451-472},
      doi = {10.1016/j.icarus.2011.03.024},
   adsurl = {http://adsabs.harvard.edu/abs/2011Icar..213..451R},
  adsnote = {Provided by the SAO/NASA Astrophysics Data System}
}


@ARTICLE{SLB2011,
   author = {{Stixrude}, L. and {Lithgow-Bertelloni}, C.},
    title = "{Thermodynamics of mantle minerals - II. Phase equilibria}",
  journal = {Geophysical Journal International},
 keywords = {Composition of the mantle, Elasticity and anelasticity, Equations of state, High-pressure behaviour, Phase transitions, Planetary interiors},
     year = 2011,
    month = mar,
   volume = 184,
    pages = {1180-1213},
      doi = {10.1111/j.1365-246X.2010.04890.x},
   adsurl = {http://adsabs.harvard.edu/abs/2011GeoJI.184.1180S},
  adsnote = {Provided by the SAO/NASA Astrophysics Data System}
}

@ARTICLE{WKM2014,
   author = {{Wood}, B.~J. and {Kiseeva}, E.~S. and {Mirolo}, F.~J.},
    title = "{Accretion and core formation: The effects of sulfur on metal-silicate partition coefficients}",
  journal = {Geochimica et Cosmochimica Acta},
     year = 2014,
    month = nov,
   volume = 145,
    pages = {248-267},
      doi = {10.1016/j.gca.2014.09.002},
   adsurl = {http://adsabs.harvard.edu/abs/2014GeCoA.145..248W},
  adsnote = {Provided by the SAO/NASA Astrophysics Data System}
}

@ARTICLE{WWT2012,
   author = {{Wade}, J. and {Wood}, B.~J. and {Tuff}, J.},
    title = "{Metal-silicate partitioning of Mo and W at high pressures and temperatures: Evidence for late accretion of sulphur to the Earth}",
  journal = {Geochimica et Cosmochimica Acta},
     year = 2012,
    month = may,
   volume = 85,
    pages = {58-74},
      doi = {10.1016/j.gca.2012.01.010},
   adsurl = {http://adsabs.harvard.edu/abs/2012GeCoA..85...58W},
  adsnote = {Provided by the SAO/NASA Astrophysics Data System}
}

@ARTICLE{SFK2015,
   author = {{Selway}, K. and {Ford}, H. and {Kelemen}, P.},
    title = "{The seismic mid-lithosphere discontinuity}",
  journal = {Earth and Planetary Science Letters},
 keywords = {mid-lithosphere discontinuity, S receiver function, lithosphere-asthenosphere boundary, amphibole, anisotropy},
     year = 2015,
    month = mar,
   volume = 414,
    pages = {45-57},
      doi = {10.1016/j.epsl.2014.12.029},
   adsurl = {http://adsabs.harvard.edu/abs/2015E%26PSL.414...45S},
  adsnote = {Provided by the SAO/NASA Astrophysics Data System}
}

@INPROCEEDINGS{PG1991,
   author = {{Phillips}, R.~J. and {Grimm}, R.~E.},
    title = "{Martian Seismicity}",
booktitle = {Lunar and Planetary Science Conference},
     year = 1991,
   series = {Lunar and Planetary Science Conference},
   volume = 22,
    month = mar,
   adsurl = {http://adsabs.harvard.edu/abs/1991LPI....22.1061P},
  adsnote = {Provided by the SAO/NASA Astrophysics Data System}
}

@ARTICLE{KOHWDW2006,
   author = {{Knapmeyer}, M. and {Oberst}, J. and {Hauber}, E. and {W{\"a}hlisch}, M. and 
	{Deuchler}, C. and {Wagner}, R.},
    title = "{Working models for spatial distribution and level of Mars' seismicity}",
  journal = {Journal of Geophysical Research (Planets)},
 keywords = {Planetary Sciences: Solar System Objects: Mars, Planetary Sciences: Solid Surface Planets: Tectonics (8149), Seismology: Seismicity and tectonics (1207, 1217, 1240, 1242), Structural Geology: Fractures and faults, Tectonophysics: Planetary tectonics (5475)},
     year = 2006,
    month = nov,
   volume = 111,
   number = {E10},
    pages = {E11006},
      doi = {10.1029/2006JE002708},
   adsurl = {http://adsabs.harvard.edu/abs/2006JGRE..11111006K},
  adsnote = {Provided by the SAO/NASA Astrophysics Data System}
}

﻿@inbook{Righter2016,
title = {Metal-Silicate Partitioning of Siderophile Elements and Core-Mantle Segregation},
author = {Righter, Kevin},
publisher = {John Wiley and Sons, Inc},
isbn = {9781118992487},
url = {http://dx.doi.org/10.1002/9781118992487.ch13},
doi = {10.1002/9781118992487.ch13},
pages = {161--179},
chapter={13},
keywords = {deep mantle, metal-silicate partitioning, metallic core, noble metal capsules, primitive upper mantle, siderophile, thermal evolution},
booktitle = {Deep Earth},
year = {2016},
}


@ARTICLE{WW2013,
   author = {{Wood}, B.~J. and {Wade}, J.},
    title = "{Activities and volatilities of trace components in silicate melts: a novel use of metal-silicate partitioning data}",
  journal = {Contributions to Mineralogy and Petrology},
 keywords = {Activities, Trace elements, Silicate melts, Volatilities},
     year = 2013,
    month = sep,
   volume = 166,
    pages = {911-921},
      doi = {10.1007/s00410-013-0896-z},
   adsurl = {http://adsabs.harvard.edu/abs/2013CoMP..166..911W},
  adsnote = {Provided by the SAO/NASA Astrophysics Data System}
}

@ARTICLE{NF2013,
   author = {{Nimmo}, F. and {Faul}, U.~H.},
    title = "{Dissipation at tidal and seismic frequencies in a melt-free, anhydrous Mars}",
  journal = {Journal of Geophysical Research (Planets)},
 keywords = {interior structure, dissipation, rheology},
     year = 2013,
    month = dec,
   volume = 118,
    pages = {2558-2569},
      doi = {10.1002/2013JE004499},
   adsurl = {http://adsabs.harvard.edu/abs/2013JGRE..118.2558N},
  adsnote = {Provided by the SAO/NASA Astrophysics Data System}
}


@ARTICLE{MJP2005,
   author = {{McKenzie}, D. and {Jackson}, J. and {Priestley}, K.},
    title = "{Thermal structure of oceanic and continental lithosphere}",
  journal = {Earth and Planetary Science Letters},
     year = 2005,
    month = may,
   volume = 233,
    pages = {337-349},
      doi = {10.1016/j.epsl.2005.02.005},
   adsurl = {http://adsabs.harvard.edu/abs/2005E%26PSL.233..337M},
  adsnote = {Provided by the SAO/NASA Astrophysics Data System}
}

@article{OBE2008,
title = "{The solubility and oxidation state of tungsten in silicate melts: Implications for the comparative chemistry of W and Mo in planetary differentiation processes}",
journal = "Chemical Geology ",
volume = "255",
number = "3–4",
pages = "346 - 359",
year = "2008",
note = "",
doi = {10.1016/j.chemgeo.2008.07.005},
author = "Hugh St.C. O'Neill and Andrew J. Berry and Stephen M. Eggins"
}

@article{MS1995,
title = "{The composition of the Earth}",
journal = "Chemical Geology",
volume = "120",
number = "3",
pages = "223 - 253",
year = "1995",
note = "",
issn = "0009-2541",
doi = {10.1016/0009-2541(94)00140-4},
author = "W.F. McDonough and {S.-s} Sun",
}

@ARTICLE{WW2005,
   author = {{Wade}, J. and {Wood}, B.~J.},
    title = "{Core formation and the oxidation state of the Earth}",
  journal = {Earth and Planetary Science Letters},
     year = 2005,
    month = jul,
   volume = 236,
    pages = {78-95},
      doi = {10.1016/j.epsl.2005.05.017},
   adsurl = {http://adsabs.harvard.edu/abs/2005E%26PSL.236...78W},
  adsnote = {Provided by the SAO/NASA Astrophysics Data System}
}


@ARTICLE{Stevenson2001,
   author = {{Stevenson}, D.~J.},
    title = "{Mars' core and magnetism}",
  journal = {Nature},
     year = 2001,
    month = jul,
   volume = 412,
    pages = {214-219},
   adsurl = {http://adsabs.harvard.edu/abs/2001Natur.412..214S},
  adsnote = {Provided by the SAO/NASA Astrophysics Data System}
}

@ARTICLE{CHBBD2014,
   author = {{Cartier}, C. and {Hammouda}, T. and {Boyet}, M. and {Bouhifd}, M.~A. and 
	{Devidal}, J.-L.},
    title = "{Redox control of the fractionation of niobium and tantalum during planetary accretion and core formation}",
  journal = {Nature Geoscience},
     year = 2014,
    month = aug,
   volume = 7,
    pages = {573-576},
      doi = {10.1038/ngeo2195},
   adsurl = {http://adsabs.harvard.edu/abs/2014NatGe...7..573C},
  adsnote = {Provided by the SAO/NASA Astrophysics Data System}
}


@ARTICLE{MRF2016,
year={2016},
author = {{Myhill}, R. and {Rubie}, D. and {Frost}, D. J.},
title = {Partitioning between silicate and metal melts; a model for core formation},
journal = {in prep}
}


@ARTICLE{SSWL2007,
   author = {{Stewart}, A.~J. and {Schmidt}, M.~W. and {van Westrenen}, W. and 
	{Liebske}, C.},
    title = "{Mars: A New Core-Crystallization Regime}",
  journal = {Science},
     year = 2007,
    month = jun,
   volume = 316,
    pages = {1323},
      doi = {10.1126/science.1140549},
   adsurl = {http://adsabs.harvard.edu/abs/2007Sci...316.1323S},
  adsnote = {Provided by the SAO/NASA Astrophysics Data System}
}

